<?xml version="1.0" encoding="UTF-8"?><record xmlns="http://www.loc.gov/MARC21/slim" xmlns:cinclude="http://apache.org/cocoon/include/1.0" xmlns:zs="http://www.loc.gov/zing/srw/">
  <leader>01653cz  a2200337n  4500</leader>
  <controlfield tag="001">n  81143089 </controlfield>
  <controlfield tag="003">DLC</controlfield>
  <controlfield tag="005">20131213073944.0</controlfield>
  <controlfield tag="008">811214n| azannaabn          |a aaa      </controlfield>
  <datafield tag="010" ind1=" " ind2=" ">
    <subfield code="a">n  81143089 </subfield>
  </datafield>
  <datafield tag="035" ind1=" " ind2=" ">
    <subfield code="a">(OCoLC)oca00687880</subfield>
  </datafield>
  <datafield tag="040" ind1=" " ind2=" ">
    <subfield code="a">DLC</subfield>
    <subfield code="b">eng</subfield>
    <subfield code="e">rda</subfield>
    <subfield code="c">DLC</subfield>
    <subfield code="d">DLC</subfield>
    <subfield code="d">OCoLC</subfield>
  </datafield>
  <datafield tag="046" ind1=" " ind2=" ">
    <subfield code="f">19441125</subfield>
  </datafield>
  <datafield tag="100" ind1="1" ind2=" ">
    <subfield code="a">Stuart, Nancy Rubin,</subfield>
    <subfield code="d">1944-</subfield>
  </datafield>
  <datafield tag="370" ind1=" " ind2=" ">
    <subfield code="a">Boston (Mass.)</subfield>
    <subfield code="c">United States</subfield>
  </datafield>
  <datafield tag="372" ind1=" " ind2=" ">
    <subfield code="a">Literature</subfield>
    <subfield code="2">lcsh</subfield>
  </datafield>
  <datafield tag="372" ind1=" " ind2=" ">
    <subfield code="a">Journalism</subfield>
    <subfield code="2">lcsh</subfield>
  </datafield>
  <datafield tag="374" ind1=" " ind2=" ">
    <subfield code="a">Authors</subfield>
    <subfield code="2">lcsh</subfield>
  </datafield>
  <datafield tag="374" ind1=" " ind2=" ">
    <subfield code="a">Journalists</subfield>
    <subfield code="2">lcsh</subfield>
  </datafield>
  <datafield tag="375" ind1=" " ind2=" ">
    <subfield code="a">female</subfield>
  </datafield>
  <datafield tag="377" ind1=" " ind2=" ">
    <subfield code="a">eng</subfield>
  </datafield>
  <datafield tag="400" ind1="1" ind2=" ">
    <subfield code="w">nne</subfield>
    <subfield code="a">Rubin Stuart, Nancy,</subfield>
    <subfield code="d">1944-</subfield>
  </datafield>
  <datafield tag="400" ind1="1" ind2=" ">
    <subfield code="w">nne</subfield>
    <subfield code="a">Rubin, Nancy,</subfield>
    <subfield code="d">1944-</subfield>
  </datafield>
  <datafield tag="400" ind1="1" ind2=" ">
    <subfield code="a">Rubin, Nancy Z.,</subfield>
    <subfield code="d">1944-</subfield>
  </datafield>
  <datafield tag="400" ind1="1" ind2=" ">
    <subfield code="a">Stetson, Nancy Zimman,</subfield>
    <subfield code="d">1944-</subfield>
  </datafield>
  <datafield tag="670" ind1=" " ind2=" ">
    <subfield code="a">Her The new suburban woman, c1982:</subfield>
    <subfield code="b">CIP t.p. (Nancy Rubin) CIP data sheet (Nancy Z. Rubin)</subfield>
  </datafield>
  <datafield tag="670" ind1=" " ind2=" ">
    <subfield code="a">Her American empress, c1995:</subfield>
    <subfield code="b">CIP t.p. (Nancy Rubin) data sheet (b. 11/25/1944)</subfield>
  </datafield>
  <datafield tag="670" ind1=" " ind2=" ">
    <subfield code="a">The reluctant spiritualist, 2005:</subfield>
    <subfield code="b">ECIP t.p. (Nancy Rubin Stuart)</subfield>
  </datafield>
  <datafield tag="670" ind1=" " ind2=" ">
    <subfield code="a">Email from Brown Univ. Lib., rec'd. Apr. 19, 2005</subfield>
    <subfield code="b">(correspondence between the author and Brown University Library [repository of her papers], Jan.-Mar. 2002: author's new pen name is Nancy Rubin Stuart, to be entered as Rubin Stuart, Nancy; she previously wrote under the name Nancy Rubin; her legal name as of Apr. 2001 is Nancy Zimman Stetson)</subfield>
  </datafield>
  <datafield tag="670" ind1=" " ind2=" ">
    <subfield code="a">Email from publisher and author, November 15, 2013</subfield>
    <subfield code="b">(author prefers: Stuart, Nancy Rubin)</subfield>
  </datafield>
  <datafield tag="670" ind1=" " ind2=" ">
    <subfield code="a">Author's website, viewed November 19, 2013</subfield>
    <subfield code="b">(Nancy Rubin Stuart, born in Boston; author and journalist; works focus on women, biographies and social history)</subfield>
  </datafield>
</record>